@book{wolsey,
    address = {},
    title = {Integer Programming},
    isbn = {0-471-28366-5},
	publisher = {Wiley-Interscience publication},
	author = {Wolsey, Laurence A.},
	year = {1998},
}

@book{calik,
    address = {},
    title = {Double bound method for solving the p-center location problem},
    isbn = {},
	publisher = {Computers \& Operations Research 40},
	author = {Tansel, Barbaros C. and Calik, Hatice},
	year = {2013},
	pages = {2991-2993},
}

@book{daskin,
    address = {},
    title = {Network and Discrete Location: Models, Algorithms, and Applications},
    isbn = {},
	publisher = {Wiley-Interscience Publication},
	author = {Daskin, Mark S.},
	year = {1995},
	pages = {2991-2993},
}